@article{WittKerres.2002,
  title={Quo vadis Mediendidaktik? Zur theoretischen Fundierung von Mediendidaktik},
  author={de Witt, Claudia and Kerres, Michael},
  journal={MedienP{\"a}dagogik},
  volume={2},
  number={2},
  pages={1--22},
  year={2002},
  publisher={Pestalozzianum}
}

@incollection{Irle.1986,
	year={1986},
	isbn={978-3-642-93622-7},
	booktitle={Konsumentenpsychologie und Markenartikel},
	editor={Unger, Fritz},
	doi={10.1007/978-3-642-93621-0_5},
	title={Lerntheorien},
	url={http://dx.doi.org/10.1007/978-3-642-93621-0_5},
	publisher={Physica-Verlag HD},
	author={Irle, Eva},
	pages={122-140},
	language={German}
}

@incollection{Weinert.1996,
	title={Lerntheorien und Instruktionsmodelle},
	author={Weinert, Franz Emanuel},
	booktitle={Psychologie des Lernens und der Instruktion},
	pages={1--48},
	year={1996},
	publisher={Hogrefe}
}

@book{Siebert.1998,
	title={Konstruktivismus: Konsequenzen f{\"u}r Bildungsmanagement und Seminargestaltung},
	author={Siebert, Horst},
	year={1998},
	publisher={DIE}
}

@article{Arnold.2012,
	title={„Beim Lernen ist es wie beim Eisberg: Das Tragende sieht man nicht “: Ergebnisse einer systemischkonstruktivistischen Lernforschung},
	author={Arnold, Rolf},
	journal={Diskurs Kindheits-und Jugendforschung},
	volume={7},
	number={4},
	year={2012}
}

@inproceedings{Reinmann.2013,
	title={Didaktisches Handeln. Die Beziehung zwischen Lerntheorien und Didaktischem Design},
	author={Reinmann, Gabi and others},
	booktitle={L3T. Lehrbuch f{\"u}r Lernen und Lehren mit Technologien},
	year={2013}
}

@book{Edelmann.2012,
	title={Lernpsychologie: Mit Online-Materialien},
	author={Edelmann, Walter and Wittmann, Simone},
	year={2012},
	publisher={Beltz}
}

@book{Anderson.1999,
	title={Using constructivism in technology-mediated learning: Constructing order out of the chaos in the literature},
	author={Anderson, Terry and Kanuka, Heather},
	year={1999},
	publisher={Radical Pedagogy},
	tmp_url={http://auspace.athabascau.ca:8080/bitstream/2149/728/1/Using%20Constructivism%20in%20Technology-Mediated%20Learning_%20_br_Constructing%20Order.pdf}
}

@book{Erpenbeck.2007,
 author = {Erpenbeck, John and Sauter, Werner},
 year = {2007},
 title = {Kompetenzentwicklung im Netz: New Blended Learning mit Web 2.0},
 address = {K{\"o}ln},
 publisher = {{Luchterhand in Wolters Kluwer Deutschland}},
 isbn = {978-3-472-07089-4},
 series = {Personalwirtschaft : Buch}
}


@article{Tobias.1991,
	title={An Eclectic Examination of Some Issues in the Constructivist-ISD Controversy},
	author={Tobias, Sigmund},
	year={1991},
	journal={Educational Technology},
	volume={31},
	number={9}
}

@book{Suchman.1987,
	title={Plans and situated actions: the problem of human-machine communication},
	author={Suchman, Lucy A},
	year={1987},
	publisher={Cambridge university press}
}

@article{Jonassen.1992,
	title={Evaluating constructivistic learning},
	author={Jonassen, David H},
	journal={Constructivism and the technology of instruction: A conversation},
	pages={137--148},
	year={1992}
}

@article{Bereiter.1994,
	title={Constructivism, socioculturalism, and Popper's world 3},
	author={Bereiter, Carl},
	journal={Educational researcher},
	pages={21--23},
	year={1994},
	publisher={JSTOR}
}

@article{Koohang.2009,
	title={E-learning and constructivism: From theory to application},
	author={Koohang, Alex and Riley, Liz and Smith, Terry and Schreurs, Jeanne},
	journal={Interdisciplinary Journal of E-Learning and Learning Objects},
	volume={5},
	number={1},
	pages={91--109},
	year={2009}
}

@book{Kerres.2001,
	title={Multimediale und telemediale Lernumgebungen: Konzeption und Entwicklung},
	author={Kerres, Michael},
	year={2001},
	publisher={Oldenbourg Verlag}
} 

@misc{SusanneMeir.,
 author = {Meir, Susanne},
 title = {Didaktischer Hintergrund: Lerntheorien},
 url = {http://lehrerfortbildung-bw.de/moodle-info/schule/einfuehrung/material/2_meir_9-19.pdf},
 urldate = {02.01.2016}
}

@misc{AnsgarA.PlassmannProf.Dr.GunterSchmitt.2007,
 author = {Plassmann, Ansgar A. and Schmitt, Prof. Dr. G{\"u}nter},
 editor = {{Universit{\"a}t Duisburg-Essen}},
 year = {2007},
 title = {Lern-Psychologie},
 url = {https://www.uni-due.de/edit/lp/kognitiv/kognitiv.htm},
 urldate = {02.01.2016}
}

@misc{Vontobel.2006,
 author = {Vontobel, Peter},
 editor = {{P{\"a}dagogische Hochschule Z{\"u}rich}},
 year = {2006},
 title = {Didaktisches Design aus lernpsychologischer Sicht},
 url = {http://www.sciencetonic.de/media/015_digimedia/050_konzepte/LIT_0210_Didaktisches_Design_Vontobel_2006.pdf},
 urldate = {02.01.2016}
}

@book{Drummer.2011,
 author = {Drummer, Jens},
 year = {2011},
 title = {E-Learning im Untericht: Ein Handbuch zum Einsatz von Lernplattformen in der Schule},
 address = {Boizenburg},
 publisher = {H{\"u}lsbusch},
 isbn = {978-3-940317-84-1},
 series = {E-Learning}
}

@book{Kuhlmann.2008,
 author = {Kuhlmann, Annette M. and Sauter, Werner},
 year = {2008},
 title = {Innovative Lernsysteme: Kompetenzentwicklung mit Blended Learning und Social Software},
 address = {Berlin},
 publisher = {Springer},
 isbn = {3540778306},
 series = {X.media.press}
}

@book{Hellmer.2007,
 author = {Hellmer, Julia},
 year = {2007},
 title = {Schule und Betrieb: Lernen in der Kooperation},
 address = {Wiesbaden},
 edition = {1. Aufl.},
 volume = {11},
 publisher = {{VS Verl. f{\"u}r Sozialwiss}},
 isbn = {3531153587},
 series = {Studien zur Bildungsgangforschung}
}

@book{Mertins.2009,
 author = {Mertins, Kai},
 year = {2009},
 title = {Wissensmanagement im mittelstand/ knowledge management in smes: Grundlagen - lsungen -},
 address = {[Place of publication not identified]},
 publisher = {Springer},
 isbn = {3540693629}
}